
@article{redmon_you_2015,
	title = {You {Only} {Look} {Once}: {Unified}, {Real}-{Time} {Object} {Detection}},
	volume = {abs/1506.02640},
	url = {http://arxiv.org/abs/1506.02640},
	journal = {CoRR},
	author = {Redmon, Joseph and Divvala, Santosh Kumar and Girshick, Ross B. and Farhadi, Ali},
	year = {2015},
	file = {Redmon et al. - 2015 - You Only Look Once Unified, Real-Time Object Dete.pdf:/home/iki/smart3d/LOCAL_ONLY_NOTES/scientific_papers/Redmon et al. - 2015 - You Only Look Once Unified, Real-Time Object Dete.pdf:application/pdf}
}

@article{ren_faster_2015,
	title = {Faster {R}-{CNN}: {Towards} {Real}-{Time} {Object} {Detection} with {Region} {Proposal} {Networks}},
	volume = {abs/1506.01497},
	url = {http://arxiv.org/abs/1506.01497},
	journal = {CoRR},
	author = {Ren, Shaoqing and He, Kaiming and Girshick, Ross B. and Sun, Jian},
	year = {2015},
	file = {Ren et al. - 2015 - Faster R-CNN Towards Real-Time Object Detection w.pdf:/home/iki/smart3d/LOCAL_ONLY_NOTES/scientific_papers/Ren et al. - 2015 - Faster R-CNN Towards Real-Time Object Detection w.pdf:application/pdf}
}

@article{girshick_fast_2015,
	title = {Fast {R}-{CNN}},
	volume = {abs/1504.08083},
	url = {http://arxiv.org/abs/1504.08083},
	journal = {CoRR},
	author = {Girshick, Ross B.},
	year = {2015},
	file = {Girshick - 2015 - Fast R-CNN.pdf:/home/iki/smart3d/LOCAL_ONLY_NOTES/scientific_papers/Girshick - 2015 - Fast R-CNN.pdf:application/pdf}
}

@inproceedings{yang_exploit_2016,
	title = {Exploit {All} the {Layers}: {Fast} and {Accurate} {CNN} {Object} {Detector} with {Scale} {Dependent} {Pooling} and {Cascaded} {Rejection} {Classifiers}},
	url = {http://www-personal.umich.edu/~wgchoi/SDP-CRC_camready.pdf},
	doi = {10.1109/CVPR.2016.234},
	booktitle = {2016 {IEEE} {Conference} on {Computer} {Vision} and {Pattern} {Recognition} ({CVPR})},
	author = {Yang, F. and Choi, W. and Lin, Y.},
	month = jun,
	year = {2016},
	keywords = {CNN object detector, Convolution, deep convolutional neural networks, Detectors, Feature extraction, image classification, Inner-city dataset, KITTI object detection benchmark, layerwise cascaded rejection classifiers, neural nets, Neural networks, object detection, Object detection, PASCAL object detection challenge, Proposals, scale dependent pooling, SDP, Semantics},
	pages = {2129--2137},
	file = {Yang et al. - 2016 - Exploit All the Layers Fast and Accurate CNN Obje.pdf:/home/iki/smart3d/LOCAL_ONLY_NOTES/scientific_papers/Yang et al. - 2016 - Exploit All the Layers Fast and Accurate CNN Obje.pdf:application/pdf}
}

@article{chu_surfconv:_2018,
	title = {{SurfConv}: {Bridging} 3D and 2D {Convolution} for {RGBD} {Images}},
	volume = {abs/1812.01519},
	url = {http://arxiv.org/abs/1812.01519},
	journal = {CoRR},
	author = {Chu, Hang and Ma, Wei-Chiu and Kundu, Kaustav and Urtasun, Raquel and Fidler, Sanja},
	year = {2018},
	file = {Chu et al. - 2018 - SurfConv Bridging 3D and 2D Convolution for RGBD .pdf:/home/iki/smart3d/LOCAL_ONLY_NOTES/scientific_papers/Chu et al. - 2018 - SurfConv Bridging 3D and 2D Convolution for RGBD .pdf:application/pdf}
}

@inproceedings{maddern_real-time_2016,
	title = {Real-time probabilistic fusion of sparse 3d lidar and dense stereo},
	booktitle = {Intelligent {Robots} and {Systems} ({IROS}), 2016 {IEEE}/{RSJ} {International} {Conference} on},
	publisher = {IEEE},
	author = {Maddern, Will and Newman, Paul},
	year = {2016},
	pages = {2181--2188},
	file = {Maddern and Newman - 2016 - Real-time probabilistic fusion of sparse 3d lidar .pdf:/home/iki/smart3d/LOCAL_ONLY_NOTES/scientific_papers/Maddern and Newman - 2016 - Real-time probabilistic fusion of sparse 3d lidar .pdf:application/pdf}
}

@article{eitel_multimodal_2015,
	title = {Multimodal {Deep} {Learning} for {Robust} {RGB}-{D} {Object} {Recognition}},
	volume = {abs/1507.06821},
	url = {http://arxiv.org/abs/1507.06821},
	journal = {CoRR},
	author = {Eitel, Andreas and Springenberg, Jost Tobias and Spinello, Luciano and Riedmiller, Martin A. and Burgard, Wolfram},
	year = {2015},
	file = {Eitel et al. - 2015 - Multimodal Deep Learning for Robust RGB-D Object R.pdf:/home/iki/smart3d/LOCAL_ONLY_NOTES/scientific_papers/Eitel et al. - 2015 - Multimodal Deep Learning for Robust RGB-D Object R.pdf:application/pdf}
}

@article{qi_frustum_2017,
	title = {Frustum {PointNets} for 3D {Object} {Detection} from {RGB}-{D} {Data}},
	volume = {abs/1711.08488},
	url = {http://arxiv.org/abs/1711.08488},
	journal = {CoRR},
	author = {Qi, Charles Ruizhongtai and Liu, Wei and Wu, Chenxia and Su, Hao and Guibas, Leonidas J.},
	year = {2017},
	file = {Qi et al. - 2017 - Frustum PointNets for 3D Object Detection from RGB:/home/iki/smart3d/LOCAL_ONLY_NOTES/scientific_papers/Qi et al. - 2017 - Frustum PointNets for 3D Object Detection from RGB:application/pdf}
}

@inproceedings{huber_integrating_2011,
	title = {Integrating {LIDAR} into {Stereo} for {Fast} and {Improved} {Disparity} {Computation}},
	volume = {00},
	url = {doi.ieeecomputersociety.org/10.1109/3DIMPVT.2011.58},
	doi = {10.1109/3DIMPVT.2011.58},
	booktitle = {2011 {International} {Conference} on 3D {Imaging}, {Modeling}, {Processing}, {Visualization} and {Transmission}(3DIMPVT)},
	author = {Huber, D. and Kanade, T. and Badino, H.},
	year = {2011},
	keywords = {disparity space reduction, dynamic programming, LIDAR, path promotion, range images, sensor fusion, stereo},
	pages = {405--412},
	file = {Huber et al. - 2011 - Integrating LIDAR into Stereo for Fast and Improve.pdf:/home/iki/smart3d/LOCAL_ONLY_NOTES/scientific_papers/Huber et al. - 2011 - Integrating LIDAR into Stereo for Fast and Improve.pdf:application/pdf}
}

@article{gupta_cross_2015,
	title = {Cross {Modal} {Distillation} for {Supervision} {Transfer}},
	volume = {abs/1507.00448},
	url = {http://arxiv.org/abs/1507.00448},
	journal = {CoRR},
	author = {Gupta, Saurabh and Hoffman, Judy and Malik, Jitendra},
	year = {2015},
	file = {Gupta et al. - 2015 - Cross Modal Distillation for Supervision Transfer.pdf:/home/iki/smart3d/LOCAL_ONLY_NOTES/scientific_papers/Gupta et al. - 2015 - Cross Modal Distillation for Supervision Transfer.pdf:application/pdf}
}

@inproceedings{gu_recognition_2009,
	title = {Recognition using regions},
	booktitle = {Computer {Vision} and {Pattern} {Recognition}, 2009. {CVPR} 2009. {IEEE} {Conference} on},
	publisher = {IEEE},
	author = {Gu, Chunhui and Lim, Joseph J and Arbeláez, Pablo and Malik, Jitendra},
	year = {2009},
	pages = {1030--1037},
	file = {Gu et al. - 2009 - Recognition using regions.pdf:/home/iki/smart3d/LOCAL_ONLY_NOTES/scientific_papers/Gu et al. - 2009 - Recognition using regions.pdf:application/pdf}
}

@article{gupta_learning_2014,
	title = {Learning {Rich} {Features} from {RGB}-{D} {Images} for {Object} {Detection} and {Segmentation}},
	volume = {abs/1407.5736},
	url = {http://arxiv.org/abs/1407.5736},
	journal = {CoRR},
	author = {Gupta, Saurabh and Girshick, Ross B. and Arbelaez, Pablo and Malik, Jitendra},
	year = {2014},
	keywords = {object detection, RGB-D, RGB-D perception, object segmentation},
	file = {Gupta et al. - 2014 - Learning Rich Features from RGB-D Images for Objec.pdf:/home/iki/smart3d/LOCAL_ONLY_NOTES/scientific_papers/Gupta et al. - 2014 - Learning Rich Features from RGB-D Images for Objec.pdf:application/pdf}
}

@article{law_cornernet:_2018,
	title = {{CornerNet}: {Detecting} {Objects} as {Paired} {Keypoints}},
	volume = {abs/1808.01244},
	url = {http://arxiv.org/abs/1808.01244},
	journal = {CoRR},
	author = {Law, Hei and Deng, Jia},
	year = {2018},
	keywords = {object detection, cornernet},
	file = {Law and Deng - 2018 - CornerNet Detecting Objects as Paired Keypoints.pdf:/home/iki/smart3d/LOCAL_ONLY_NOTES/scientific_papers/Law and Deng - 2018 - CornerNet Detecting Objects as Paired Keypoints.pdf:application/pdf}
}

@inproceedings{geiger_are_2012,
	title = {Are we ready for {Autonomous} {Driving}? {The} {KITTI} {Vision} {Benchmark} {Suite}},
	booktitle = {Conference on {Computer} {Vision} and {Pattern} {Recognition} ({CVPR})},
	author = {Geiger, Andreas and Lenz, Philip and Urtasun, Raquel},
	year = {2012},
	keywords = {database, benchmark},
	file = {Geiger et al. - 2012 - Are we ready for Autonomous Driving The KITTI Vis.pdf:/home/iki/smart3d/LOCAL_ONLY_NOTES/scientific_papers/Geiger et al. - 2012 - Are we ready for Autonomous Driving The KITTI Vis.pdf:application/pdf}
}

@article{he_mask_2017,
	title = {Mask {R}-{CNN}},
	volume = {abs/1703.06870},
	url = {http://arxiv.org/abs/1703.06870},
	journal = {CoRR},
	author = {He, Kaiming and Gkioxari, Georgia and Dollár, Piotr and Girshick, Ross B.},
	year = {2017},
	file = {He et al. - 2017 - Mask R-CNN.pdf:/home/iki/smart3d/LOCAL_ONLY_NOTES/scientific_papers/He et al. - 2017 - Mask R-CNN.pdf:application/pdf}
}

@article{powers_evaluation:_2011,
	title = {Evaluation: from precision, recall and {F}-measure to {ROC}, informedness, markedness and correlation},
	author = {Powers, David Martin},
	year = {2011}
}

@article{everingham_pascal_2010,
	title = {The pascal visual object classes (voc) challenge},
	volume = {88},
	number = {2},
	journal = {International journal of computer vision},
	author = {Everingham, Mark and Van Gool, Luc and Williams, Christopher KI and Winn, John and Zisserman, Andrew},
	year = {2010},
	keywords = {object detection, database, benchmark, object recognition},
	pages = {303--338},
	file = {Everingham et al. - 2010 - The pascal visual object classes (voc) challenge.pdf:/home/iki/smart3d/LOCAL_ONLY_NOTES/scientific_papers/Everingham et al. - 2010 - The pascal visual object classes (voc) challenge.pdf:application/pdf}
}

@article{huang_apolloscape_2018,
	title = {The {ApolloScape} {Dataset} for {Autonomous} {Driving}},
	journal = {arXiv: 1803.06184},
	author = {Huang, Xinyu and Cheng, Xinjing and Geng, Qichuan and Cao, Binbin and Zhou, Dingfu and Wang, Peng and Lin, Yuanqing and Yang, Ruigang},
	year = {2018},
	keywords = {object detection, benchmark},
	file = {Huang et al. - 2018 - The ApolloScape Dataset for Autonomous Driving.pdf:/home/iki/smart3d/LOCAL_ONLY_NOTES/scientific_papers/Huang et al. - 2018 - The ApolloScape Dataset for Autonomous Driving.pdf:application/pdf}
}

@article{yu_bdd100k:_2018,
	title = {{BDD}100K: {A} {Diverse} {Driving} {Video} {Database} with {Scalable} {Annotation} {Tooling}},
	volume = {abs/1805.04687},
	url = {http://arxiv.org/abs/1805.04687},
	journal = {CoRR},
	author = {Yu, Fisher and Xian, Wenqi and Chen, Yingying and Liu, Fangchen and Liao, Mike and Madhavan, Vashisht and Darrell, Trevor},
	year = {2018},
	file = {Yu et al. - 2018 - BDD100K A Diverse Driving Video Database with Sca.pdf:/home/iki/smart3d/LOCAL_ONLY_NOTES/scientific_papers/Yu et al. - 2018 - BDD100K A Diverse Driving Video Database with Sca.pdf:application/pdf}
}

@article{maddern_1_2017,
	title = {1 {Year}, 1000km: {The} {Oxford} {RobotCar} {Dataset}},
	volume = {36},
	url = {http://dx.doi.org/10.1177/0278364916679498},
	doi = {10.1177/0278364916679498},
	number = {1},
	journal = {The International Journal of Robotics Research (IJRR)},
	author = {Maddern, Will and Pascoe, Geoff and Linegar, Chris and Newman, Paul},
	year = {2017},
	pages = {3--15},
	file = {Maddern et al. - 2017 - 1 Year, 1000km The Oxford RobotCar Dataset.pdf:/home/iki/smart3d/LOCAL_ONLY_NOTES/scientific_papers/Maddern et al. - 2017 - 1 Year, 1000km The Oxford RobotCar Dataset.pdf:application/pdf}
}

@article{huang_speed/accuracy_2016,
	title = {Speed/accuracy trade-offs for modern convolutional object detectors},
	volume = {abs/1611.10012},
	url = {http://arxiv.org/abs/1611.10012},
	journal = {CoRR},
	author = {Huang, Jonathan and Rathod, Vivek and Sun, Chen and Zhu, Menglong and Korattikara, Anoop and Fathi, Alireza and Fischer, Ian and Wojna, Zbigniew and Song, Yang and Guadarrama, Sergio and Murphy, Kevin},
	year = {2016},
	file = {Huang et al. - 2016 - Speedaccuracy trade-offs for modern convolutional.pdf:/home/iki/smart3d/LOCAL_ONLY_NOTES/scientific_papers/Huang et al. - 2016 - Speedaccuracy trade-offs for modern convolutional.pdf:application/pdf}
}

@article{lin_microsoft_2014,
	title = {Microsoft {COCO}: {Common} {Objects} in {Context}},
	volume = {abs/1405.0312},
	url = {http://arxiv.org/abs/1405.0312},
	journal = {CoRR},
	author = {Lin, Tsung-Yi and Maire, Michael and Belongie, Serge J. and Bourdev, Lubomir D. and Girshick, Ross B. and Hays, James and Perona, Pietro and Ramanan, Deva and Dollár, Piotr and Zitnick, C. Lawrence},
	year = {2014},
	file = {Lin et al. - 2014 - Microsoft COCO Common Objects in Context.pdf:/home/iki/smart3d/LOCAL_ONLY_NOTES/scientific_papers/Lin et al. - 2014 - Microsoft COCO Common Objects in Context.pdf:application/pdf}
}

@article{everingham_pascal_2015,
	title = {The pascal visual object classes challenge: {A} retrospective},
	volume = {111},
	number = {1},
	journal = {International journal of computer vision},
	author = {Everingham, Mark and Eslami, SM Ali and Van Gool, Luc and Williams, Christopher KI and Winn, John and Zisserman, Andrew},
	year = {2015},
	pages = {98--136},
	file = {Everingham et al. - 2015 - The pascal visual object classes challenge A retr.pdf:/home/iki/smart3d/LOCAL_ONLY_NOTES/scientific_papers/Everingham et al. - 2015 - The pascal visual object classes challenge A retr.pdf:application/pdf}
}

@article{boyat_review_2015,
	title = {A {Review} {Paper}: {Noise} {Models} in {Digital} {Image} {Processing}},
	volume = {abs/1505.03489},
	url = {http://arxiv.org/abs/1505.03489},
	journal = {CoRR},
	author = {Boyat, Ajay Kumar and Joshi, Brijendra Kumar},
	year = {2015},
	file = {Boyat and Joshi - 2015 - A Review Paper Noise Models in Digital Image Proc.pdf:/home/iki/smart3d/LOCAL_ONLY_NOTES/scientific_papers/Boyat and Joshi - 2015 - A Review Paper Noise Models in Digital Image Proc.pdf:application/pdf}
}

@article{hamzah_literature_2016,
	title = {Literature survey on stereo vision disparity map algorithms},
	volume = {2016},
	journal = {Journal of Sensors},
	author = {Hamzah, Rostam Affendi and Ibrahim, Haidi},
	year = {2016},
	keywords = {stereo, stereo vision, tech report, survey},
	file = {Hamzah and Ibrahim - 2016 - Literature survey on stereo vision disparity map a.pdf:/home/iki/smart3d/LOCAL_ONLY_NOTES/scientific_papers/Hamzah and Ibrahim - 2016 - Literature survey on stereo vision disparity map a.pdf:application/pdf}
}

@inproceedings{chang_pyramid_2018,
	title = {Pyramid {Stereo} {Matching} {Network}},
	booktitle = {Proceedings of the {IEEE} {Conference} on {Computer} {Vision} and {Pattern} {Recognition}},
	author = {Chang, Jia-Ren and Chen, Yong-Sheng},
	year = {2018},
	pages = {5410--5418},
	file = {Chang and Chen - 2018 - Pyramid Stereo Matching Network.pdf:/home/iki/smart3d/LOCAL_ONLY_NOTES/scientific_papers/Chang and Chen - 2018 - Pyramid Stereo Matching Network.pdf:application/pdf}
}

@inproceedings{liang_learning_2018,
	title = {Learning for {Disparity} {Estimation} {Through} {Feature} {Constancy}},
	booktitle = {The {IEEE} {Conference} on {Computer} {Vision} and {Pattern} {Recognition} ({CVPR})},
	author = {Liang, Zhengfa and Feng, Yiliu and Guo, Yulan and Liu, Hengzhu and Chen, Wei and Qiao, Linbo and Zhou, Li and Zhang, Jianfeng},
	month = jun,
	year = {2018},
	keywords = {stereo, stereo vision},
	file = {Liang et al. - 2018 - Learning for Disparity Estimation Through Feature .pdf:/home/iki/smart3d/LOCAL_ONLY_NOTES/scientific_papers/Liang et al. - 2018 - Learning for Disparity Estimation Through Feature .pdf:application/pdf}
}