@inproceedings{red16,
author = {Redmon, Joseph and Divvala, Santosh and Girshick, Ross and Farhadi, Ali},
title = {You Only Look Once: Unified, Real-Time Object Detection},
booktitle = {The IEEE Conference on Computer Vision and Pattern Recognition (CVPR)},
month = {June},
year = {2016}
}
@article{ahu61,
       author={ Kenneth J. Arrow, Leonid Hurwicz and Hirofumi Uzawa},
       title={Constraint qualifications in maximization problems},
       journal={Naval Research Logistics Quarterly},
       volume={8},
       year = 1961,
       pages = {175-191}
}

@book{ab94,
       author = {Charalambos D. Aliprantis and Kim C. Border},
       year = {1994},
       title = {Infinite Dimensional Analysis},
       publisher = {Springer},
       address = {Berlin}
}

@incollection{m85,
       author={Maskin, Eric S.},
       year={1985},
       title={The theory of implementation in {N}ash equilibrium: a survey},
       booktitle={Social Goals and Social Organization},
       editor={Leonid Hurwicz and David Schmeidler and Hugo Sonnenschein},
       pages={173-204},
       publisher={Cambridge University Press},
       addess={Cambridge}
}
@incollection{m99,
      author={Maskin, Eric S.},
      year={1985},
      title={The theory of implementation in {N}ash equilibrium: a survey},
      booktitle={Social Goals and Social Organization},
      editor={Leonid Hurwicz and David Schmeidler and Hugo Sonnenschein},
      pages={173-204},
      publisher={Cambridge University Press},
      addess={Cambridge}
}