@article{
Birdetal2001,
Author = {Bird, R. B. and Smith, E. A. and Bird, D. W.},
Title = {The hunting handicap: costly signaling in human
foraging strategies},
Journal = {Behavioral Ecology and Sociobiology},
Volume = {50},
Pages = {9-19},
Year = {2001} }

@book{ab94,
       author = {Charalambos D. Aliprantis and Kim C. Border},
       year = {1994},
       title = {Infinite Dimensional Analysis},
       publisher = {Springer},
       address = {Berlin}
}