
@article{redmon_you_2015,
	title = {You {Only} {Look} {Once}: {Unified}, {Real}-{Time} {Object} {Detection}},
	volume = {abs/1506.02640},
	url = {http://arxiv.org/abs/1506.02640},
	journal = {CoRR},
	author = {Redmon, Joseph and Divvala, Santosh Kumar and Girshick, Ross B. and Farhadi, Ali},
	year = {2015},
	file = {Full Text:/home/iki/Zotero/storage/DQM6MKZJ/Redmon et al. - 2015 - You Only Look Once Unified, Real-Time Object Dete.pdf:application/pdf;PAPER_yolo1.pdf:/home/iki/smart3d/LOCAL_ONLY_NOTES/scientific_papers/PAPER_yolo1.pdf:application/pdf}
}

@article{ren_faster_2015,
	title = {Faster {R}-{CNN}: {Towards} {Real}-{Time} {Object} {Detection} with {Region} {Proposal} {Networks}},
	volume = {abs/1506.01497},
	url = {http://arxiv.org/abs/1506.01497},
	journal = {CoRR},
	author = {Ren, Shaoqing and He, Kaiming and Girshick, Ross B. and Sun, Jian},
	year = {2015},
	file = {Ren et al. - 2015 - Faster R-CNN Towards Real-Time Object Detection w.pdf:/home/iki/smart3d/LOCAL_ONLY_NOTES/scientific_papers/Ren et al. - 2015 - Faster R-CNN Towards Real-Time Object Detection w.pdf:application/pdf}
}