
@article{redmon_you_2015,
	title = {You {Only} {Look} {Once}: {Unified}, {Real}-{Time} {Object} {Detection}},
	volume = {abs/1506.02640},
	url = {http://arxiv.org/abs/1506.02640},
	journal = {CoRR},
	author = {Redmon, Joseph and Divvala, Santosh Kumar and Girshick, Ross B. and Farhadi, Ali},
	year = {2015},
	file = {Redmon et al. - 2015 - You Only Look Once Unified, Real-Time Object Dete.pdf:/home/iki/smart3d/LOCAL_ONLY_NOTES/scientific_papers/Redmon et al. - 2015 - You Only Look Once Unified, Real-Time Object Dete.pdf:application/pdf}
}

@article{ren_faster_2015,
	title = {Faster {R}-{CNN}: {Towards} {Real}-{Time} {Object} {Detection} with {Region} {Proposal} {Networks}},
	volume = {abs/1506.01497},
	url = {http://arxiv.org/abs/1506.01497},
	journal = {CoRR},
	author = {Ren, Shaoqing and He, Kaiming and Girshick, Ross B. and Sun, Jian},
	year = {2015},
	file = {Ren et al. - 2015 - Faster R-CNN Towards Real-Time Object Detection w.pdf:/home/iki/smart3d/LOCAL_ONLY_NOTES/scientific_papers/Ren et al. - 2015 - Faster R-CNN Towards Real-Time Object Detection w.pdf:application/pdf}
}

@article{girshick_fast_2015,
	title = {Fast {R}-{CNN}},
	volume = {abs/1504.08083},
	url = {http://arxiv.org/abs/1504.08083},
	journal = {CoRR},
	author = {Girshick, Ross B.},
	year = {2015},
	file = {Girshick - 2015 - Fast R-CNN.pdf:/home/iki/smart3d/LOCAL_ONLY_NOTES/scientific_papers/Girshick - 2015 - Fast R-CNN.pdf:application/pdf}
}

@inproceedings{yang_exploit_2016,
	title = {Exploit {All} the {Layers}: {Fast} and {Accurate} {CNN} {Object} {Detector} with {Scale} {Dependent} {Pooling} and {Cascaded} {Rejection} {Classifiers}},
	doi = {10.1109/CVPR.2016.234},
	booktitle = {2016 {IEEE} {Conference} on {Computer} {Vision} and {Pattern} {Recognition} ({CVPR})},
	author = {Yang, F. and Choi, W. and Lin, Y.},
	month = jun,
	year = {2016},
	keywords = {CNN object detector, Convolution, deep convolutional neural networks, Detectors, Feature extraction, image classification, Inner-city dataset, KITTI object detection benchmark, layerwise cascaded rejection classifiers, neural nets, Neural networks, object detection, Object detection, PASCAL object detection challenge, Proposals, scale dependent pooling, SDP, Semantics},
	pages = {2129--2137},
	file = {Yang et al. - 2016 - Exploit All the Layers Fast and Accurate CNN Obje.pdf:/home/iki/smart3d/LOCAL_ONLY_NOTES/scientific_papers/Yang et al. - 2016 - Exploit All the Layers Fast and Accurate CNN Obje.pdf:application/pdf}
}

@article{chu_surfconv:_2018,
	title = {{SurfConv}: {Bridging} 3D and 2D {Convolution} for {RGBD} {Images}},
	volume = {abs/1812.01519},
	url = {http://arxiv.org/abs/1812.01519},
	journal = {CoRR},
	author = {Chu, Hang and Ma, Wei-Chiu and Kundu, Kaustav and Urtasun, Raquel and Fidler, Sanja},
	year = {2018},
	file = {Chu et al. - 2018 - SurfConv Bridging 3D and 2D Convolution for RGBD .pdf:/home/iki/smart3d/LOCAL_ONLY_NOTES/scientific_papers/Chu et al. - 2018 - SurfConv Bridging 3D and 2D Convolution for RGBD .pdf:application/pdf}
}

@inproceedings{maddern_real-time_2016,
	title = {Real-time probabilistic fusion of sparse 3d lidar and dense stereo},
	booktitle = {Intelligent {Robots} and {Systems} ({IROS}), 2016 {IEEE}/{RSJ} {International} {Conference} on},
	publisher = {IEEE},
	author = {Maddern, Will and Newman, Paul},
	year = {2016},
	pages = {2181--2188},
	file = {Maddern and Newman - 2016 - Real-time probabilistic fusion of sparse 3d lidar .pdf:/home/iki/smart3d/LOCAL_ONLY_NOTES/scientific_papers/Maddern and Newman - 2016 - Real-time probabilistic fusion of sparse 3d lidar .pdf:application/pdf}
}

@article{eitel_multimodal_2015,
	title = {Multimodal {Deep} {Learning} for {Robust} {RGB}-{D} {Object} {Recognition}},
	volume = {abs/1507.06821},
	url = {http://arxiv.org/abs/1507.06821},
	journal = {CoRR},
	author = {Eitel, Andreas and Springenberg, Jost Tobias and Spinello, Luciano and Riedmiller, Martin A. and Burgard, Wolfram},
	year = {2015},
	file = {Eitel et al. - 2015 - Multimodal Deep Learning for Robust RGB-D Object R.pdf:/home/iki/smart3d/LOCAL_ONLY_NOTES/scientific_papers/Eitel et al. - 2015 - Multimodal Deep Learning for Robust RGB-D Object R.pdf:application/pdf}
}

@article{qi_frustum_2017,
	title = {Frustum {PointNets} for 3D {Object} {Detection} from {RGB}-{D} {Data}},
	volume = {abs/1711.08488},
	url = {http://arxiv.org/abs/1711.08488},
	journal = {CoRR},
	author = {Qi, Charles Ruizhongtai and Liu, Wei and Wu, Chenxia and Su, Hao and Guibas, Leonidas J.},
	year = {2017},
	keywords = {readme},
	file = {Qi et al. - 2017 - Frustum PointNets for 3D Object Detection from RGB:/home/iki/smart3d/LOCAL_ONLY_NOTES/scientific_papers/Qi et al. - 2017 - Frustum PointNets for 3D Object Detection from RGB:application/pdf}
}

@inproceedings{huber_integrating_2011,
	title = {Integrating {LIDAR} into {Stereo} for {Fast} and {Improved} {Disparity} {Computation}},
	volume = {00},
	url = {doi.ieeecomputersociety.org/10.1109/3DIMPVT.2011.58},
	doi = {10.1109/3DIMPVT.2011.58},
	booktitle = {2011 {International} {Conference} on 3D {Imaging}, {Modeling}, {Processing}, {Visualization} and {Transmission}(3DIMPVT)},
	author = {Huber, D. and Kanade, T. and Badino, H.},
	year = {2011},
	keywords = {disparity space reduction, dynamic programming, LIDAR, path promotion, range images, sensor fusion, stereo},
	pages = {405--412},
	file = {Huber et al. - 2011 - Integrating LIDAR into Stereo for Fast and Improve.pdf:/home/iki/smart3d/LOCAL_ONLY_NOTES/scientific_papers/Huber et al. - 2011 - Integrating LIDAR into Stereo for Fast and Improve.pdf:application/pdf}
}

@article{gupta_cross_2015,
	title = {Cross {Modal} {Distillation} for {Supervision} {Transfer}},
	volume = {abs/1507.00448},
	url = {http://arxiv.org/abs/1507.00448},
	journal = {CoRR},
	author = {Gupta, Saurabh and Hoffman, Judy and Malik, Jitendra},
	year = {2015},
	file = {Gupta et al. - 2015 - Cross Modal Distillation for Supervision Transfer.pdf:/home/iki/smart3d/LOCAL_ONLY_NOTES/scientific_papers/Gupta et al. - 2015 - Cross Modal Distillation for Supervision Transfer.pdf:application/pdf}
}

@inproceedings{gu_recognition_2009,
	title = {Recognition using regions},
	booktitle = {Computer {Vision} and {Pattern} {Recognition}, 2009. {CVPR} 2009. {IEEE} {Conference} on},
	publisher = {IEEE},
	author = {Gu, Chunhui and Lim, Joseph J and Arbel√°ez, Pablo and Malik, Jitendra},
	year = {2009},
	pages = {1030--1037},
	file = {Gu et al. - 2009 - Recognition using regions.pdf:/home/iki/smart3d/LOCAL_ONLY_NOTES/scientific_papers/Gu et al. - 2009 - Recognition using regions.pdf:application/pdf}
}