@InBook{Rich:MCG1983,
author={Elaine Rich},
title={Artificial Intelligence},
publisher={McGraw-Hill},
year={1983},
}

@incollection{Sanner:EML2010,
  author    = {Scott Sanner and
               Kristian Kersting},
  title     = {Symbolic Dynamic Programming},
  booktitle = {Encyclopedia of Machine Learning},
  year      = {2010},
  pages     = {946-954},
}

@inproceedings{Kaelbling:AAAI2001,
	author = "Leslie Pack Kaelbling and Tim Oates and Natalia H. Gardiol and  Sarah Finney",
	title  = "Learning in Worlds with Objects",
	booktitle = "Working Notes of the AAAI Stanford Spring Symposium on Learning Grounded Representations",
	month  = "March",
	year   = "2001"
}
