@misc{geiger_kitti_2019,
	title = {The {KITTI} {Vision} {Benchmark} {Suite} - 3D {Object} {Detection} {Evaluation} 2017},
	url = {http://www.cvlibs.net/datasets/kitti/eval_object.php?obj_benchmark=3d},
	urldate = {2019-03-25},
	author = {Geiger, Andreas and Lenz, Philip and Urtasun, Raquel},
	month = mar,
	year = {2019},
	howpublished = "\url{http://www.cvlibs.net/datasets/kitti/eval_object.php?obj_benchmark=3d}",
	note = {[Online; accessed 25-March-2019]}
}

@misc{menze_kitti_2019,
	title = {The {KITTI} {Vision} {Benchmark} {Suite} - {Stereo} {Evaluation} 2015},
	url = {http://www.cvlibs.net/datasets/kitti/eval_scene_flow.php?benchmark=stereo},
	urldate = {2019-03-25},
	author = {Menze, Moritz and Heipke, Christian and Geiger, Andreas},
	month = mar,
	year = {2019},
	howpublished = "\url{http://www.cvlibs.net/datasets/kitti/eval_object.php?obj_benchmark=3d}",
	note = {[Online; accessed 25-March-2019]}
}

@article{redmon_you_2015,
	title = {You {Only} {Look} {Once}: {Unified}, {Real}-{Time} {Object} {Detection}},
	volume = {abs/1506.02640},
	url = {http://arxiv.org/abs/1506.02640},
	journal = {CoRR},
	author = {Redmon, Joseph and Divvala, Santosh Kumar and Girshick, Ross B. and Farhadi, Ali},
	year = {2015}
}

@article{ren_faster_2015,
	title = {Faster {R}-{CNN}: {Towards} {Real}-{Time} {Object} {Detection} with {Region} {Proposal} {Networks}},
	volume = {abs/1506.01497},
	url = {http://arxiv.org/abs/1506.01497},
	journal = {CoRR},
	author = {Ren, Shaoqing and He, Kaiming and Girshick, Ross B. and Sun, Jian},
	year = {2015}
}

@article{girshick_fast_2015,
	title = {Fast {R}-{CNN}},
	volume = {abs/1504.08083},
	url = {http://arxiv.org/abs/1504.08083},
	journal = {CoRR},
	author = {Girshick, Ross B.},
	year = {2015}
}

@inproceedings{yang_exploit_2016,
	title = {Exploit {All} the {Layers}: {Fast} and {Accurate} {CNN} {Object} {Detector} with {Scale} {Dependent} {Pooling} and {Cascaded} {Rejection} {Classifiers}},
	url = {http://www-personal.umich.edu/~wgchoi/SDP-CRC_camready.pdf},
	doi = {10.1109/CVPR.2016.234},
	booktitle = {2016 {IEEE} {Conference} on {Computer} {Vision} and {Pattern} {Recognition} ({CVPR})},
	author = {Yang, F. and Choi, W. and Lin, Y.},
	month = jun,
	year = {2016},
	keywords = {CNN object detector, Convolution, deep convolutional neural networks, Detectors, Feature extraction, image classification, Inner-city dataset, KITTI object detection benchmark, layerwise cascaded rejection classifiers, neural nets, Neural networks, object detection, Object detection, PASCAL object detection challenge, Proposals, scale dependent pooling, SDP, Semantics},
	pages = {2129--2137}
}

@article{chu_surfconv:_2018,
	title = {{SurfConv}: {Bridging} 3D and 2D {Convolution} for {RGBD} {Images}},
	volume = {abs/1812.01519},
	url = {http://arxiv.org/abs/1812.01519},
	journal = {CoRR},
	author = {Chu, Hang and Ma, Wei-Chiu and Kundu, Kaustav and Urtasun, Raquel and Fidler, Sanja},
	year = {2018}
}

@inproceedings{maddern_real-time_2016,
	title = {Real-time probabilistic fusion of sparse 3d lidar and dense stereo},
	booktitle = {Intelligent {Robots} and {Systems} ({IROS}), 2016 {IEEE}/{RSJ} {International} {Conference} on},
	publisher = {IEEE},
	author = {Maddern, Will and Newman, Paul},
	year = {2016},
	pages = {2181--2188}
}

@article{eitel_multimodal_2015,
	title = {Multimodal {Deep} {Learning} for {Robust} {RGB}-{D} {Object} {Recognition}},
	volume = {abs/1507.06821},
	url = {http://arxiv.org/abs/1507.06821},
	journal = {CoRR},
	author = {Eitel, Andreas and Springenberg, Jost Tobias and Spinello, Luciano and Riedmiller, Martin A. and Burgard, Wolfram},
	year = {2015}
}

@article{qi_frustum_2017,
	title = {Frustum {PointNets} for 3D {Object} {Detection} from {RGB}-{D} {Data}},
	volume = {abs/1711.08488},
	url = {http://arxiv.org/abs/1711.08488},
	journal = {CoRR},
	author = {Qi, Charles Ruizhongtai and Liu, Wei and Wu, Chenxia and Su, Hao and Guibas, Leonidas J.},
	year = {2017}
}

@inproceedings{huber_integrating_2011,
	title = {Integrating {LIDAR} into {Stereo} for {Fast} and {Improved} {Disparity} {Computation}},
	volume = {00},
	url = {doi.ieeecomputersociety.org/10.1109/3DIMPVT.2011.58},
	doi = {10.1109/3DIMPVT.2011.58},
	booktitle = {2011 {International} {Conference} on 3D {Imaging}, {Modeling}, {Processing}, {Visualization} and {Transmission}(3DIMPVT)},
	author = {Huber, D. and Kanade, T. and Badino, H.},
	year = {2011},
	keywords = {disparity space reduction, dynamic programming, LIDAR, path promotion, range images, sensor fusion, stereo},
	pages = {405--412}
}

@article{gupta_cross_2015,
	title = {Cross {Modal} {Distillation} for {Supervision} {Transfer}},
	volume = {abs/1507.00448},
	url = {http://arxiv.org/abs/1507.00448},
	journal = {CoRR},
	author = {Gupta, Saurabh and Hoffman, Judy and Malik, Jitendra},
	year = {2015}
}

@inproceedings{gu_recognition_2009,
	title = {Recognition using regions},
	booktitle = {Computer {Vision} and {Pattern} {Recognition}, 2009. {CVPR} 2009. {IEEE} {Conference} on},
	publisher = {IEEE},
	author = {Gu, Chunhui and Lim, Joseph J and Arbeláez, Pablo and Malik, Jitendra},
	year = {2009},
	pages = {1030--1037}
}

@article{gupta_learning_2014,
	title = {Learning {Rich} {Features} from {RGB}-{D} {Images} for {Object} {Detection} and {Segmentation}},
	volume = {abs/1407.5736},
	url = {http://arxiv.org/abs/1407.5736},
	journal = {CoRR},
	author = {Gupta, Saurabh and Girshick, Ross B. and Arbelaez, Pablo and Malik, Jitendra},
	year = {2014},
	keywords = {object detection, RGB-D, RGB-D perception, object segmentation}
}

@article{law_cornernet:_2018,
	title = {{CornerNet}: {Detecting} {Objects} as {Paired} {Keypoints}},
	volume = {abs/1808.01244},
	url = {http://arxiv.org/abs/1808.01244},
	journal = {CoRR},
	author = {Law, Hei and Deng, Jia},
	year = {2018},
	keywords = {object detection, cornernet}
}

@inproceedings{geiger_are_2012,
	title = {Are we ready for {Autonomous} {Driving}? {The} {KITTI} {Vision} {Benchmark} {Suite}},
	booktitle = {Conference on {Computer} {Vision} and {Pattern} {Recognition} ({CVPR})},
	author = {Geiger, Andreas and Lenz, Philip and Urtasun, Raquel},
	year = {2012},
	keywords = {database, benchmark}
}

@article{he_mask_2017,
	title = {Mask {R}-{CNN}},
	volume = {abs/1703.06870},
	url = {http://arxiv.org/abs/1703.06870},
	journal = {CoRR},
	author = {He, Kaiming and Gkioxari, Georgia and Dollár, Piotr and Girshick, Ross B.},
	year = {2017}
}

@article{powers_evaluation:_2011,
	title = {Evaluation: from precision, recall and {F}-measure to {ROC}, informedness, markedness and correlation},
	author = {Powers, David Martin},
	year = {2011}
}

@article{everingham_pascal_2010,
	title = {The pascal visual object classes (voc) challenge},
	volume = {88},
	number = {2},
	journal = {International journal of computer vision},
	author = {Everingham, Mark and Van Gool, Luc and Williams, Christopher KI and Winn, John and Zisserman, Andrew},
	year = {2010},
	keywords = {object detection, database, benchmark, object recognition},
	pages = {303--338}
}

@article{huang_apolloscape_2018,
	title = {The {ApolloScape} {Dataset} for {Autonomous} {Driving}},
	journal = {arXiv: 1803.06184},
	author = {Huang, Xinyu and Cheng, Xinjing and Geng, Qichuan and Cao, Binbin and Zhou, Dingfu and Wang, Peng and Lin, Yuanqing and Yang, Ruigang},
	year = {2018},
	keywords = {object detection, benchmark}
}

@article{yu_bdd100k:_2018,
	title = {{BDD}100K: {A} {Diverse} {Driving} {Video} {Database} with {Scalable} {Annotation} {Tooling}},
	volume = {abs/1805.04687},
	url = {http://arxiv.org/abs/1805.04687},
	journal = {CoRR},
	author = {Yu, Fisher and Xian, Wenqi and Chen, Yingying and Liu, Fangchen and Liao, Mike and Madhavan, Vashisht and Darrell, Trevor},
	year = {2018}
}

@article{maddern_1_2017,
	title = {1 {Year}, 1000km: {The} {Oxford} {RobotCar} {Dataset}},
	volume = {36},
	url = {http://dx.doi.org/10.1177/0278364916679498},
	doi = {10.1177/0278364916679498},
	number = {1},
	journal = {The International Journal of Robotics Research (IJRR)},
	author = {Maddern, Will and Pascoe, Geoff and Linegar, Chris and Newman, Paul},
	year = {2017},
	keywords = {dataset},
	pages = {3--15}
}

@article{huang_speed/accuracy_2016,
	title = {Speed/accuracy trade-offs for modern convolutional object detectors},
	volume = {abs/1611.10012},
	url = {http://arxiv.org/abs/1611.10012},
	journal = {CoRR},
	author = {Huang, Jonathan and Rathod, Vivek and Sun, Chen and Zhu, Menglong and Korattikara, Anoop and Fathi, Alireza and Fischer, Ian and Wojna, Zbigniew and Song, Yang and Guadarrama, Sergio and Murphy, Kevin},
	year = {2016}
}

@article{lin_microsoft_2014,
	title = {Microsoft {COCO}: {Common} {Objects} in {Context}},
	volume = {abs/1405.0312},
	url = {http://arxiv.org/abs/1405.0312},
	journal = {CoRR},
	author = {Lin, Tsung-Yi and Maire, Michael and Belongie, Serge J. and Bourdev, Lubomir D. and Girshick, Ross B. and Hays, James and Perona, Pietro and Ramanan, Deva and Dollár, Piotr and Zitnick, C. Lawrence},
	year = {2014}
}

@article{everingham_pascal_2015,
	title = {The pascal visual object classes challenge: {A} retrospective},
	volume = {111},
	number = {1},
	journal = {International journal of computer vision},
	author = {Everingham, Mark and Eslami, SM Ali and Van Gool, Luc and Williams, Christopher KI and Winn, John and Zisserman, Andrew},
	year = {2015},
	pages = {98--136}
}

@article{boyat_review_2015,
	title = {A {Review} {Paper}: {Noise} {Models} in {Digital} {Image} {Processing}},
	volume = {abs/1505.03489},
	url = {http://arxiv.org/abs/1505.03489},
	journal = {CoRR},
	author = {Boyat, Ajay Kumar and Joshi, Brijendra Kumar},
	year = {2015}
}

@article{hamzah_literature_2016,
	title = {Literature survey on stereo vision disparity map algorithms},
	volume = {2016},
	journal = {Journal of Sensors},
	author = {Hamzah, Rostam Affendi and Ibrahim, Haidi},
	year = {2016},
	keywords = {stereo, stereo vision, tech report, survey}
}

@inproceedings{chang_pyramid_2018,
	title = {Pyramid {Stereo} {Matching} {Network}},
	booktitle = {Proceedings of the {IEEE} {Conference} on {Computer} {Vision} and {Pattern} {Recognition}},
	author = {Chang, Jia-Ren and Chen, Yong-Sheng},
	year = {2018},
	pages = {5410--5418}
}

@inproceedings{liang_learning_2018,
	title = {Learning for {Disparity} {Estimation} {Through} {Feature} {Constancy}},
	booktitle = {The {IEEE} {Conference} on {Computer} {Vision} and {Pattern} {Recognition} ({CVPR})},
	author = {Liang, Zhengfa and Feng, Yiliu and Guo, Yulan and Liu, Hengzhu and Chen, Wei and Qiao, Linbo and Zhou, Li and Zhang, Jianfeng},
	month = jun,
	year = {2018},
	keywords = {stereo, stereo vision}
}

@inproceedings{scharstein_high-resolution_2014,
	title = {High-resolution stereo datasets with subpixel-accurate ground truth},
	booktitle = {German conference on pattern recognition},
	publisher = {Springer},
	author = {Scharstein, Daniel and Hirschmüller, Heiko and Kitajima, York and Krathwohl, Greg and Nešić, Nera and Wang, Xi and Westling, Porter},
	year = {2014},
	pages = {31--42}
}

@article{li_stereo_2019,
	title = {Stereo {R}-{CNN} based 3D {Object} {Detection} for {Autonomous} {Driving}},
	journal = {arXiv preprint arXiv:1902.09738},
	author = {Li, Peiliang and Chen, Xiaozhi and Shen, Shaojie},
	year = {2019},
	keywords = {object detection, stereo, stereo vision, 3D object detection}
}

@inproceedings{qi_pointnet:_2017,
	title = {Pointnet: {Deep} learning on point sets for 3d classification and segmentation},
	booktitle = {Proceedings of the {IEEE} {Conference} on {Computer} {Vision} and {Pattern} {Recognition}},
	author = {Qi, Charles R and Su, Hao and Mo, Kaichun and Guibas, Leonidas J},
	year = {2017},
	keywords = {point cloud},
	pages = {652--660}
}

@inproceedings{maturana_voxnet:_2015,
	title = {Voxnet: {A} 3d convolutional neural network for real-time object recognition},
	booktitle = {2015 {IEEE}/{RSJ} {International} {Conference} on {Intelligent} {Robots} and {Systems} ({IROS})},
	publisher = {IEEE},
	author = {Maturana, Daniel and Scherer, Sebastian},
	year = {2015},
	keywords = {point cloud},
	pages = {922--928}
}

@article{cordts_cityscapes_2016,
	title = {The {Cityscapes} {Dataset} for {Semantic} {Urban} {Scene} {Understanding}},
	volume = {abs/1604.01685},
	url = {http://arxiv.org/abs/1604.01685},
	journal = {CoRR},
	author = {Cordts, Marius and Omran, Mohamed and Ramos, Sebastian and Rehfeld, Timo and Enzweiler, Markus and Benenson, Rodrigo and Franke, Uwe and Roth, Stefan and Schiele, Bernt},
	year = {2016}
}

@article{scharstein_taxonomy_2002,
	title = {A taxonomy and evaluation of dense two-frame stereo correspondence algorithms},
	volume = {47},
	number = {1-3},
	journal = {International journal of computer vision},
	author = {Scharstein, Daniel and Szeliski, Richard},
	year = {2002},
	pages = {7--42}
}

@article{chen_3d_2016,
	title = {3D {Object} {Proposals} using {Stereo} {Imagery} for {Accurate} {Object} {Class} {Detection}},
	volume = {abs/1608.07711},
	url = {http://arxiv.org/abs/1608.07711},
	journal = {CoRR},
	author = {Chen, Xiaozhi and Kundu, Kaustav and Zhu, Yukun and Ma, Huimin and Fidler, Sanja and Urtasun, Raquel},
	year = {2016}
}

@inproceedings{seitz_comparison_2006,
	title = {A comparison and evaluation of multi-view stereo reconstruction algorithms},
	volume = {1},
	booktitle = {2006 {IEEE} {Computer} {Society} {Conference} on {Computer} {Vision} and {Pattern} {Recognition} ({CVPR}'06)},
	publisher = {IEEE},
	author = {Seitz, Steven M and Curless, Brian and Diebel, James and Scharstein, Daniel and Szeliski, Richard},
	year = {2006},
	pages = {519--528}
}

@article{geiger_vision_2013,
	title = {Vision meets robotics: {The} {KITTI} dataset},
	volume = {32},
	number = {11},
	journal = {The International Journal of Robotics Research},
	author = {Geiger, Andreas and Lenz, Philip and Stiller, Christoph and Urtasun, Raquel},
	year = {2013},
	pages = {1231--1237}
}

@inproceedings{wang_pseudo-lidar_2019,
	title = {Pseudo-{LiDAR} from {Visual} {Depth} {Estimation}: {Bridging} the {Gap} in 3D {Object} {Detection} for {Autonomous} {Driving}},
	booktitle = {{CVPR}},
	author = {Wang, Yan and Chao, Wei-Lun and Garg, Divyansh and Hariharan, Bharath and Campbell, Mark and Weinberger, Kilian},
	year = {2019}
}

@book{szeliski_computer_2010,
	address = {Berlin, Heidelberg},
	edition = {1st},
	title = {Computer {Vision}: {Algorithms} and {Applications}},
	isbn = {1-84882-934-5 978-1-84882-934-3},
	publisher = {Springer-Verlag},
	author = {Szeliski, Richard},
	year = {2010}
}

@book{manning_introduction_2008,
	address = {New York, NY, USA},
	title = {Introduction to {Information} {Retrieval}},
	isbn = {0-521-86571-9 978-0-521-86571-5},
	publisher = {Cambridge University Press},
	author = {Manning, Christopher D. and Raghavan, Prabhakar and Schütze, Hinrich},
	year = {2008}
}

@inproceedings{menze_object_2015,
	title = {Object {Scene} {Flow} for {Autonomous} {Vehicles}},
	booktitle = {The {IEEE} {Conference} on {Computer} {Vision} and {Pattern} {Recognition} ({CVPR})},
	author = {Menze, Moritz and Geiger, Andreas},
	month = jun,
	year = {2015}
}

@article{fu_deep_2018,
	title = {Deep {Ordinal} {Regression} {Network} for {Monocular} {Depth} {Estimation}},
	volume = {abs/1806.02446},
	url = {http://arxiv.org/abs/1806.02446},
	journal = {CoRR},
	author = {Fu, Huan and Gong, Mingming and Wang, Chaohui and Batmanghelich, Kayhan and Tao, Dacheng},
	year = {2018}
}

@article{pedregosa_scikit-learn:_2011,
	title = {Scikit-learn: {Machine} {Learning} in {Python}},
	volume = {12},
	journal = {Journal of Machine Learning Research},
	author = {Pedregosa, F. and Varoquaux, G. and Gramfort, A. and Michel, V. and Thirion, B. and Grisel, O. and Blondel, M. and Prettenhofer, P. and Weiss, R. and Dubourg, V. and Vanderplas, J. and Passos, A. and Cournapeau, D. and Brucher, M. and Perrot, M. and Duchesnay, E.},
	year = {2011},
	pages = {2825--2830}
}

@inproceedings{yang_pixor:_2018,
	title = {Pixor: {Real}-time 3d object detection from point clouds},
	booktitle = {Proceedings of the {IEEE} conference on {Computer} {Vision} and {Pattern} {Recognition}},
	author = {Yang, Bin and Luo, Wenjie and Urtasun, Raquel},
	year = {2018},
	pages = {7652--7660}
}

@article{hirschmuller_stereo_2007,
	title = {Stereo processing by semiglobal matching and mutual information},
	volume = {30},
	number = {2},
	journal = {IEEE Transactions on pattern analysis and machine intelligence},
	author = {Hirschmuller, Heiko},
	year = {2007},
	pages = {328--341}
}

@misc{geiger_kitti_2019,
	title = {The {KITTI} {Vision} {Benchmark} {Suite} - 3D {Object} {Detection} {Evaluation} 2017},
	url = {http://www.cvlibs.net/datasets/kitti/eval_object.php?obj_benchmark=3d},
	urldate = {2019-03-25},
	author = {Geiger, Andreas and Lenz, Philip and Urtasun, Raquel},
	month = mar,
	year = {2019},
	note = {[Online; accessed 25.3.2019]}
}

@misc{menze_kitti_2019,
	title = {The {KITTI} {Vision} {Benchmark} {Suite} - {Stereo} {Evaluation} 2015},
	url = {http://www.cvlibs.net/datasets/kitti/eval_scene_flow.php?benchmark=stereo},
	urldate = {2019-03-25},
	author = {Menze, Moritz and Heipke, Christian and Geiger, Andreas},
	month = mar,
	year = {2019}
}

@inproceedings{broggi_sensors_2013,
	title = {Sensors technologies for intelligent vehicles perception systems: {A} comparison between vision and 3D-{LIDAR}},
	booktitle = {16th {International} {IEEE} {Conference} on {Intelligent} {Transportation} {Systems} ({ITSC} 2013)},
	publisher = {IEEE},
	author = {Broggi, Alberto and Grisleri, Paolo and Zani, Paolo},
	year = {2013},
	pages = {887--892}
}