@misc{geiger_kitti_2019,
	title = {The {KITTI} {Vision} {Benchmark} {Suite} - 3D {Object} {Detection} {Evaluation} 2017},
	url = {http://www.cvlibs.net/datasets/kitti/eval_object.php?obj_benchmark=3d},
	urldate = {2019-03-25},
	author = {Geiger, Andreas and Lenz, Philip and Urtasun, Raquel},
	month = mar,
	year = {2019},
	howpublished = "\url{http://www.cvlibs.net/datasets/kitti/eval_object.php?obj_benchmark=3d}",
	note = {[Online; accessed 25-March-2019]}
}

@misc{menze_kitti_2019,
	title = {The {KITTI} {Vision} {Benchmark} {Suite} - {Stereo} {Evaluation} 2015},
	url = {http://www.cvlibs.net/datasets/kitti/eval_scene_flow.php?benchmark=stereo},
	urldate = {2019-03-25},
	author = {Menze, Moritz and Heipke, Christian and Geiger, Andreas},
	month = mar,
	year = {2019},
	howpublished = "\url{http://www.cvlibs.net/datasets/kitti/eval_object.php?obj_benchmark=3d}",
	note = {[Online; accessed 25-March-2019]}
}